<record><leader>00000cas a22000007a 4500</leader><controlfield tag="001">27777479</controlfield><controlfield tag="008">930322c19uu9999nmumn ne      0    0eng d</controlfield><datafield ind1=" " ind2=" " tag="010"><subfield code="a">sn 93061511 </subfield></datafield><datafield ind1=" " ind2=" " tag="040"><subfield code="a">NVM</subfield><subfield code="b">eng</subfield><subfield code="c">NVM</subfield><subfield code="d">OCLCQ</subfield></datafield><datafield ind1=" " ind2=" " tag="042"><subfield code="a">msc</subfield></datafield><datafield ind1=" " ind2=" " tag="043"><subfield code="a">n-us-nm</subfield></datafield><datafield ind1="0" ind2="0" tag="245"><subfield code="a">Desert winds magazine.</subfield></datafield><datafield ind1=" " ind2=" " tag="260"><subfield code="a">Deming, N.M. :</subfield><subfield code="b">Joyce &amp; Bruce Reynolds.</subfield></datafield><datafield ind1=" " ind2=" " tag="300"><subfield code="a">v.</subfield></datafield><datafield ind1=" " ind2=" " tag="310"><subfield code="a">Monthly (10 issues per year)</subfield></datafield><datafield ind1=" " ind2=" " tag="500"><subfield code="a">"Highlights about people &amp; places in &amp; around Luna County."</subfield></datafield><datafield ind1=" " ind2=" " tag="588"><subfield code="a">Description based on: Vol. 5, no. 10 (Nov. 1992).</subfield></datafield><datafield ind1=" " ind2="4" tag="651"><subfield code="a">Deming (N.M.)</subfield><subfield code="v">Newspapers.</subfield></datafield><datafield ind1=" " ind2="4" tag="651"><subfield code="a">Luna County (N.M.)</subfield><subfield code="v">Newspapers.</subfield></datafield><datafield ind1=" " ind2=" " tag="752"><subfield code="a">United States</subfield><subfield code="b">New Mexico</subfield><subfield code="c">Luna</subfield><subfield code="d">Deming.</subfield></datafield><datafield ind1="1" ind2=" " tag="029"><subfield code="a">AU@</subfield><subfield code="b">000020743567</subfield></datafield></record>